%% LaTeX2e file `BD.bib'
%% generated by the `filecontents' environment
%% from source `BD' on 2020/10/01.
%%
 @article{Carreo2014,
  doi = {10.1016/j.rimni.2012.10.002},
  url = {https://doi.org/10.1016/j.rimni.2012.10.002},
  year = {2014},
  month = jan,
  publisher = {Scipedia,  S.L.},
  volume = {30},
  number = {1},
  pages = {25--34},
  author = {M.L. Carre{\~{n}}o and A.H. Barbat and O.D. Cardona},
  title = {M{\'{e}}todo num{\'{e}}rico para la evaluaci{\'{o}}n hol{\'{\i}}stica del riesgo s{\'{\i}}smico utilizando la teor{\'{\i}}a de conjuntos difusos},
  journal = {Revista Internacional de M{\'{e}}todos Num{\'{e}}ricos para C{\'{a}}lculo y Dise{\~{n}}o en Ingenier{\'{\i}}a}
