 @article{foo2010,
  author = "Foo Bar",
  journal = "J.P.B.",
  year = 2010,
  title = "Where the wild things are.",
  doi = {10.1.1/jpb001},
  url = {http://dx.doi.org/10.1.1/jpb001}
 }
