@article{carreno_evaluacion_2011,
	title = {Evaluación de la habitabilidad de edificios afectados por sismo utilizando la teoría de conjuntos difusos y las redes neuronales artificiales},
	volume = {27},
	issn = {02131315},
	url = {https://www.scipedia.com/public/Carreno_et_al_2011aa},
	doi = {10.1016/j.rimni.2011.08.006},
	language = {es},
	number = {4},
	urldate = {2020-11-24},
	journal = {Revista Internacional de Métodos Numéricos para Cálculo y Diseño en Ingeniería},
	author = {Carreño, M.L. and Cardona, O.D. and Barbat, A.H.},
	year = {2011},
	pages = {278--293},
}